@article{Harper2015,
  author    = {F. Maxwell Harper and Joseph A. Konstan},
  title     = {The MovieLens Datasets: History and Context},
  journal   = {ACM Transactions on Interactive Intelligent Systems (TiiS)},
  volume    = {5},
  number    = {4},
  pages     = {19:1--19:19},
  year      = {2015},
  publisher = {ACM},
  doi       = {10.1145/2827872},
  url       = {https://doi.org/10.1145/2827872}
}
@article{DBLP:journals/corr/abs-1909-12799,
  author       = {Anne{-}Marie Tousch},
  title        = {How robust is MovieLens? {A} dataset analysis for recommender systems},
  journal      = {CoRR},
  volume       = {abs/1909.12799},
  year         = {2019},
  url          = {http://arxiv.org/abs/1909.12799},
  eprinttype    = {arXiv},
  eprint       = {1909.12799},
  timestamp    = {Wed, 02 Oct 2019 13:04:08 +0200},
  biburl       = {https://dblp.org/rec/journals/corr/abs-1909-12799.bib},
  bibsource    = {dblp computer science bibliography, https://dblp.org}
}
@article{Konstan2012,
  author    = {Joseph A. Konstan and John Riedl},
  title     = {Recommender Systems: From Algorithms to User Experience},
  journal   = {User Modeling and User-Adapted Interaction},
  volume    = {22},
  number    = {1-2},
  pages     = {101--123},
  year      = {2012},
  publisher = {Springer},
  doi       = {10.1007/s11257-011-9112-x},
  url       = {https://doi.org/10.1007/s11257-011-9112-x}
}
@article{KATARYA2017105,
title = {An effective collaborative movie recommender system with cuckoo search},
journal = {Egyptian Informatics Journal},
volume = {18},
number = {2},
pages = {105-112},
year = {2017},
issn = {1110-8665},
doi = {https://doi.org/10.1016/j.eij.2016.10.002},
url = {https://www.sciencedirect.com/science/article/pii/S1110866516300470},
author = {Rahul Katarya and Om Prakash Verma}
}
@inproceedings{10.1145/2645710.2645746,
author = {Said, Alan and Bellog\'{\i}n, Alejandro},
title = {Comparative recommender system evaluation: benchmarking recommendation frameworks},
year = {2014},
isbn = {9781450326681},
publisher = {Association for Computing Machinery},
address = {New York, NY, USA},
url = {https://doi.org/10.1145/2645710.2645746},
doi = {10.1145/2645710.2645746},
booktitle = {Proceedings of the 8th ACM Conference on Recommender Systems},
pages = {129â€“136},
numpages = {8},
keywords = {recommender systems, evaluation, benchmarking},
location = {Foster City, Silicon Valley, California, USA},
series = {RecSys '14}
}
@misc{Funk2006,
  author       = {Simon Funk},
  title        = {Netflix Update: Try This at Home},
  year         = {2006},
  url          = {https://sifter.org/~simon/journal/20061211.html},
  note         = {Accessed: 2025-01-09}
}
@InProceedings{10.1007/978-3-540-68880-8_32,
author="Zhou, Yunhong
and Wilkinson, Dennis
and Schreiber, Robert
and Pan, Rong",
editor="Fleischer, Rudolf
and Xu, Jinhui",
title="Large-Scale Parallel Collaborative Filtering for the Netflix Prize",
booktitle="Algorithmic Aspects in Information and Management",
year="2008",
publisher="Springer Berlin Heidelberg",
address="Berlin, Heidelberg",
pages="337--348",
isbn="978-3-540-68880-8"
}
@misc{gopalan2014scalablerecommendationpoissonfactorization,
      title={Scalable Recommendation with Poisson Factorization}, 
      author={Prem Gopalan and Jake M. Hofman and David M. Blei},
      year={2014},
      eprint={1311.1704},
      archivePrefix={arXiv},
      primaryClass={cs.IR},
      url={https://arxiv.org/abs/1311.1704}, 
}
@misc{MovieLens,
  author       = {GroupLens Research},
  title        = {The MovieLens Datasets},
  year         = {2025},
  url          = {https://grouplens.org/datasets/movielens/},
  note         = {Accessed: 2025-01-09}
}
@misc{netflix_prize_2009,
  author       = {{Netflix Prize Community}},
  title        = {Netflix Prize Forum: Topic 1537},
  year         = {2009},
  url          = {https://web.archive.org/web/20090924184639/http://www.netflixprize.com/community/viewtopic.php?id=1537},
  note         = {Archived on the Wayback Machine},
  urldate      = {2025-01-13}
}
@misc{surprise,
  author       = {Nicolas Hug},
  title        = {Surprise: A Python library for recommender systems},
  year         = {2017},
  url          = {https://surpriselib.com/},
  note         = {Accessed: 2025-01-14}
}
